%% This BibTeX bibliography file was created using BibDesk.
%% http://bibdesk.sourceforge.net/


%% Created for FACE Digital at 2011-12-09 21:45:52 -0200 


%% Saved with string encoding Unicode (UTF-8) 

%%NOVAS 

@Book{XIMENES,
    author    = "Fernando B. XIMENES",
    title     = {\textbf{Introdu{\c c}{\~a}o {\'a} programa{\c c}{\~a}o}},
	Address ={Rio de Janeiro},
	publisher = "Rio de Janeiro: Campus",
    year      = "2001"
}

@Book{SILVA,
    author =    "Alex de Ara{\'u}jo SILVA",
    title =     {\textbf{PHP 5 A B{\'i}blia}},
	Address ={S{\~a}o Paulo},
	publisher = "{\'E}rica",
    year =      "2003"
}

@Book{JSF,
    author =    "David Geary; Cay Horstmann",
    title =     {\textbf{Core Java Server Faces}},
	Address={New York},
	publisher = "Altabooks",
    year =      "2012"
}

@Book{WIKIPEDIA,
	author = {WIKIPEDIA},
	title = {Sistema de informa{\c c}{\~a}o},
	month = fev,
	year = {2013}
}

@Book{FAYADESCHIMIDT,
    author =    "Mohamed FAYAD ; Douglas C. SCHIMIDT",
    title =     {\textbf{Object-oriented application frameworks}},
	Address={New York},
	publisher = "Communications of the ACM",
    year =      "2007"
}

@Book{EJB_EM_ACAO,
    author =    "Debu PANDA;Reza RAHMAN;Derek LANE",
    title =     {\textbf{EJB3 EM A{\c C}{\~A}O}},
	Address={Rio de Janeiro},
	publisher = "Alta Books",
    year =      "2009"
}

@Book{JBOSS,
    author =    "Jboss INC.",
    title =     {\textbf{Jboss}},
    publisher = "S{\~a}o Paulo: Jboss INC.",
    year =      "2013",
	Url = {http://www.jboss.org/}
}

@Book{JAVA,
    author =    "Oracle",
    title =     {\textbf{Java}},
    publisher = "United States: Oracle",
    year =      "2013",
	Url = {http://www.java.com/}
}

@Book{BALSAMIQ,
    author =    "BALSAMIQ",
    title =     {\textbf{Balsamiq}},
    publisher = "United States",
    year =      "2013",
	Url = {http://www.balsamiq.com}
}

@Book{ECLIPSE,
    author =    "ECLIPSE",
    title =     {\textbf{Eclipse}},
    publisher = "United States",
    year =      "2013",
	Url = {http://www.eclipse.org}
}

@Book{IREPORT,
    author =    "JasperSoft",
    title =     {\textbf{Ireport}},
    publisher = "United States",
    year =      "2013",
	Url = {http://community.jaspersoft.com/project/ireport-designer}
}

%% NOVAS

@book{GUEDES,
	Author = {Gilleanes T. A. GUEDES},
	Address={São Paulo},
	Publisher = {Novatec},
	Title = {\textbf{Guia de consulta rápida UML 2.}},
	Year = {2005}}
	
@book{DEITEL_DEITEL,
	Author = {H.M DEITEL; P.J DEITEL},
	Address={São Paulo},
	Publisher = {Prentice Hall},
	Title = {\textbf{JAVA Como programar}},
	Year = {2005}}	

@book{MELO,
	Author = {MELO, Ana C.},
	Address={Rio de Janeiro},
	Publisher = {Brasport},
	Title = {\textbf{Desenvolvendo aplicações com UML 2.0}},
	Year = {2004}}		

% Stair e Reynolds
@book{STAIR,
	Author = {STAIR, Ralph M.; REYNOLDS, George W.},
	Address ={São Paulo},
	Publisher = {Pioneira},
	Title = {\textbf{Princípios de sistemas de informação uma abordagem gerencial}},
	Year = {2006}}		

% Presman 	
@book{PRESSMAN,
	Author = {PRESMAN, Roger S.},
	Address={São Paulo},
	Publisher = {McGrawHill},
	Title = {\textbf{Engenharia de Software Uma Abordagem Profissional}},
	Volume = {7.ed.},
	Year = {2011}}		

% Sommerville
@book{SOMMERVILLE,
	Author = {SOMMERVILLE, Ian},
	Address ={São Paulo},
	Publisher = {Addison Wesley},
	Title = {\textbf{Engenharia de Software}},
	Volume = {6.ed.},
	Year = {2003}}	
	
% Bezerra	
@book{BEZERRA,
	Author = {BEZERRA, Eduardo},
	Address={Rio de Janeiro},
	Publisher = {Campus},
	Title = {\textbf{Princípios de análise e projetos de sistemas com UML}},
	Volume = {},
	Year = {2003}}
% SIERRA
@book{SIERRA,
	Author = {SIERRA, Kathy; BATES, Bert},
	Address={Rio de Janeiro},
	Publisher = {Alta Books},
	Title = {\textbf{Use a cabeça! Java}},
	Volume = {},
	Year = {2005}}

% BOOCH
@book{BOOCH,
	Author = {BOOCH, Grady; RUMBAUGH, James; JACOBSON, Ivar},
	Address={Rio de Janeiro},
	Publisher = {Campus},
	Title = {\textbf{UML guia do usuário}},
	Volume = {},
	Year = {2005}}

% XIMENES
@book{GIMENES,
	Author = {GIMENES, I. M. de S.; HUZITA, E. H. M.},
	Address={Rio de Janeiro},
	Publisher = {Ciência Moderna},
	Title = {\textbf{Desenvolvimento baseado em componentes: conceitos e técnicas}},
	Volume = {},
	Year = {2005}}
% https://wikis.forgerock.org/confluence/display/openam/OpenAM+Documentation

@Book{OPENAM,
    author =    "Forge-Rock",
    title =     {\textbf{OpeanAM SSO}},
    publisher = "Forge Rock",
    year =      "2013",
	Url = {https://wikis.forgerock.org/confluence/display/openam/OpenAM+Documentation}
}

% MACIAS, A. M. Frameworks de Desenvolvimento – Visão Geral. Tematec, Ano X, nº XX, p.1, 2008. Disponível em <http://www4.serpro.gov.br/imprensa/publicacoes/tema-1/tematec/2008/ttec92_a>. Acesso em 21/05/2013	

@Book{MACIAS,
    author =    "MACIAS, A. M.",
    title =     {\textbf{Frameworks de Desenvolvimento – Visão Geral}},
    publisher = "Tematec",
    year =      "2013",
	Url = {http://www4.serpro.gov.br/imprensa/publicacoes/tema-1/tematec/2008/ttec92_a}
}

%ASSIS, S. R.; SUZANO, R. Framework: Conceitos e Aplicações. CienteFico, Salvador, v.2, Jun./Dez. 2003.
@book{ASSIS,
	Author = {ASSIS, S. R.; SUZANO, R.},
	Address={Salvador},
	Publisher = {CienteFico,},
	Title = {\textbf{Framework: Conceitos e Aplicações}},
	Volume = {2},
	Year = {2003}}

%JAMAE, J.; JOHNSON, P. JBoss in Action. Greenwich, CT: Manning PublicationsCo., 2009. 464 p.
@book{JAMAE,
	Author = {JAMAE, J.; JOHNSON, P.},
	Publisher = {Greenwich, CT},
	Address={New York},
	Title = {\textbf{JBoss in Action}},
	Volume = {2},
	Year = {2009}}

	
%% ANTIGAS

@book{dunham,
	Author = {Dunham, Margaret H},
	Date-Added = {2011-10-11 01:46:12 +0000},
	Date-Modified = {2011-10-11 01:46:34 +0000},
	Publisher = {Prentice Hall},
	Title = {Data mining introductory and advanced topics},
	Year = {2003}}

@book{heuser,
	Author = {HEUSER, Carlos A.},
	Date-Added = {2011-10-11 01:45:23 +0000},
	Date-Modified = {2011-10-11 01:45:46 +0000},
	Publisher = {Porto Alegre: Sagra Luzzatto},
	Title = {Projeto de banco de dados},
	Year = {1998}}

@book{silberschatz,
	Author = {SILBERSCHARTZ, Abraham},
	Date-Added = {2011-10-11 01:44:21 +0000},
	Date-Modified = {2011-10-11 01:44:57 +0000},
	Publisher = {Rio de Janeiro: Elsevier},
	Title = {Sistema de banco de dados. Tradu{\c c}{\~a}o de Daniel Vieira},
	Year = {2006}}

@book{inmon2,
	Author = {INMON, William H.},
	Date-Added = {2011-10-11 01:43:01 +0000},
	Date-Modified = {2011-10-11 01:44:07 +0000},
	Publisher = {Rio de Janeiro: Infobook},
	Title = {Como usar o Data Warehouse; tradu{\c c}{\~a}o de Olavo Faria},
	Year = {1997}}

@book{kimball,
	Author = {Kimball, Ralph.},
	Date-Added = {2011-10-11 01:41:48 +0000},
	Date-Modified = {2011-10-11 01:42:38 +0000},
	Publisher = {Wiley Publishing},
	Title = {The data warehouse ETL toolkit: practical techniques for extracting, cleaning, conforming, and delivering data / Ralph Kimball, Joe Caserta},
	Year = {2004}}

@book{obrien,
	Author = {O'BRIEN, James A.},
	Date-Added = {2011-10-11 01:40:46 +0000},
	Date-Modified = {2011-10-11 01:41:21 +0000},
	Publisher = {S{\~a}o Paulo: Saraiva},
	Title = {Sistemas de Informa{\c c}{\~a}o e as decis{\~o}es gerenciais na era da internet},
	Volume = {2. ed.},
	Year = {2004}}

@book{stair,
	Author = {STAIR, Ralph M.},
	Date-Added = {2011-10-11 01:39:56 +0000},
	Date-Modified = {2011-10-11 01:40:33 +0000},
	Address ={São Paulo},
	Publisher = {LTC},
	Title = {Princ{\'\i}pios de Sistemas de Informa{\c c}{\~a}o. Uma abordagem gerencial},
	Volume = {2ed},
	Year = {1998}}

@book{laudon,
	Author = {LAUDON, Kenneth C.; LAUDON, Jane P.},
	Date-Added = {2011-10-11 01:38:56 +0000},
	Date-Modified = {2011-10-11 01:39:41 +0000},
	Publisher = {Rio de Janeiro: LTC},
	Title = {Gerenciamento de Sistemas de Informa{\c c}{\~a}o},
	Year = {1999}}

@book{scott,
	Author = {SCOTT, K.},
	Date-Added = {2011-10-11 01:38:09 +0000},
	Date-Modified = {2011-10-11 02:37:39 +0000},
	Isbn = {9788536302317},
	Publisher = {BOOKMAN COMPANHIA ED},
	Title = {PROCESSO UNIFICADO EXPLICADO},
	Url = {http://books.google.com/books?id=B1fy5scNtaIC},
	Year = {2002},
	Bdsk-Url-1 = {http://books.google.com/books?id=B1fy5scNtaIC}}

@book{carvalho2007planejamento,
	Author = {Carvalho, G.C.M.T.C.M.B.},
	Date-Added = {2011-10-11 01:36:59 +0000},
	Date-Modified = {2011-10-11 01:36:59 +0000},
	Isbn = {9788588325951},
	Publisher = {Editora Livraria da F{\'\i}sica},
	Title = {Planejamento estrat{\'e}gico para TI na USP},
	Url = {http://books.google.com/books?id=oTAL1Joei1MC},
	Year = {2007},
	Bdsk-Url-1 = {http://books.google.com/books?id=oTAL1Joei1MC}}

@book{peters,
	Author = {PETERS, James F; PEDRYCZ, Witold.},
	Date-Added = {2011-10-11 01:34:20 +0000},
	Date-Modified = {2011-10-11 01:35:12 +0000},
	Publisher = {Rio de Janeiro: Campus},
	Title = {Engenharia de Software. Teoria e Pr{\'a}tica},
	Year = {2001}}

@book{rezende,
	Author = {Rezende, D.A.},
	Date-Added = {2011-10-11 01:30:36 +0000},
	Date-Modified = {2011-12-09 23:45:47 +0000},
	Isbn = {9788574522159},
	Publisher = {BRASPORT},
	Title = {Engenharia de Software e Sistemas de Informa{\c{c}}{\~a}o},
	Url = {http://books.google.com.br/books?id=rtBvl\_L-1mcC},
	Year = {2005},
	Bdsk-Url-1 = {http://books.google.com.br/books?id=rtBvl%5C_L-1mcC}}